<?xml version="1.0" encoding="UTF-8"?><collection xmlns="http://www.loc.gov/MARC21/slim"><record><leader>00516nam--2200181-u-4500</leader><controlfield tag="001">000056344</controlfield><controlfield tag="002">20161230</controlfield><controlfield tag="005">20161230201052</controlfield><controlfield tag="008">150714s1000------------r-----000-0-eng-d</controlfield><datafield ind1=" " ind2=" " tag="040"><subfield code="a">IFIN-HH</subfield></datafield><datafield ind1="1" ind2=" " tag="100"><subfield code="a">Conte, Mario</subfield></datafield><datafield ind1="1" ind2="0" tag="245"><subfield code="a">An introduction to the physics of particle accelerators</subfield><subfield code="c">Mario conte, william w. mackay</subfield></datafield><datafield ind1=" " ind2=" " tag="250"><subfield code="a">Second Edition</subfield></datafield><datafield ind1=" " ind2=" " tag="260"><subfield code="a">Singapore</subfield><subfield code="b">World Scientific</subfield><subfield code="c">2008</subfield></datafield><datafield ind1=" " ind2=" " tag="300"><subfield code="a">XV+374P</subfield></datafield><datafield ind1="1" ind2=" " tag="700"><subfield code="a">Mackay, William W</subfield></datafield><datafield ind1=" " ind2=" " tag="852"><subfield code="a">82420</subfield><subfield code="c">621.384.6</subfield></datafield><datafield ind1=" " ind2=" " tag="CAT"><subfield code="a">Sys</subfield><subfield code="c">20150714</subfield><subfield code="h">151326</subfield></datafield></record></collection>